@unpublished{lbm_intro,
    author = {Alexander J (NDSU Department of Physics), Wagner},
    title = {A Practical Introduction to the
Lattice Boltzmann Method},
    note = {https://www.ndsu.edu/fileadmin/physics.ndsu.edu/Wagner/LBbook.pdf}
}

@book{timm2016lattice,
  title={The lattice Boltzmann method: principles and practice},
  author={Timm, Kr{\"u}ger and Kusumaatmaja, H and Kuzmin, A and Shardt, O and Silva, G and Viggen, E},
  year={2016},
  publisher={Springer: Berlin, Germany}
}

@inproceedings{Pastewka2019HPCWP,
  title={HPC with Python: An MPI-parallel implementation of the Lattice Boltzmann Method},
  author={Lars Pastewka and Andreas Greiner},
  year={2019},
  url={https://api.semanticscholar.org/CorpusID:196174125}
}

@book{wolf_gladrow_lgca_lbm,
    author = {Dieter A. Wolf-Gladrow},
    title = {Lattice-Gas Cellular Automata and Lattice Boltzmann Models},
    publisher = {Springer Berlin, Heidelberg},
    year = {2004}
}

@inproceedings{Krueger2017TheLB,
  title={The Lattice Boltzmann Method},
  author={Timm Krueger and Halim Kusumaatmaja and Alexander Kuzmin and Orest Shardt and Gonçalo Silva and Erlend Magnus Viggen},
  year={2017},
  url={https://api.semanticscholar.org/CorpusID:125856978}
}

@book{Succi_10.1093/oso/9780199592357.001.0001,
    author = {Succi, Sauro},
    title = "{The Lattice Boltzmann Equation: For Complex States of Flowing Matter}",
    publisher = {Oxford University Press},
    year = {2018},
    month = {04},
    isbn = {9780199592357},
    doi = {10.1093/oso/9780199592357.001.0001},
    url = {https://doi.org/10.1093/oso/9780199592357.001.0001},
    eprint = {https://academic.oup.com/book/43703/book-pdf/50402392/9780192538857\_web.pdf},
}

@article{liu_zhou_2014, title={Lattice Boltzmann approach to simulating a wetting–drying front in shallow flows}, volume={743}, DOI={10.1017/jfm.2013.682}, journal={Journal of Fluid Mechanics}, publisher={Cambridge University Press}, author={Liu, H. and Zhou, J. G.}, year={2014}, pages={32–59}}

@article{CF_NagyGyrgy2018AGT,
  title={A Graphical Technique for Solving the Couette-Poiseuille Problem for Generalized Newtonian Fluids},
  author={P. Nagy-Gy{\"o}rgy and Csaba Hős},
  journal={Periodica Polytechnica Chemical Engineering},
  year={2018},
  volume={63},
  pages={200-209},
  url={https://api.semanticscholar.org/CorpusID:58940905}
}

@inproceedings{PF_Mendiburu2009ANALYTICALSF,
  title={ANALYTICAL SOLUTION FOR TRANSIENT ONE- DIMENSIONAL COUETTE FLOW CONSIDERING CONSTANT AND TIME-DEPENDENT PRESSURE GRADIENTS},
  author={A. A. Mendiburu and L. R. Carrocci and Jo{\~a}o Andrade de Carvalho},
  year={2009},
  url={https://api.semanticscholar.org/CorpusID:98495929}
}

@article{Re_Chiang1998EffectOR,
  title={Effect of Reynolds number on the eddy structure in a lid-driven cavity},
  author={T. P. Chiang and Wen-Hann Sheu and Robert R. Hwang},
  journal={International Journal for Numerical Methods in Fluids},
  year={1998},
  volume={26},
  pages={557-579},
  url={https://api.semanticscholar.org/CorpusID:54999959}
}

@Inbook{Mohamad2019,
author="Mohamad, A. A.",
title="Boundary Conditions",
bookTitle="Lattice Boltzmann Method: Fundamentals and Engineering Applications with Computer Codes",
year="2019",
publisher="Springer London",
address="London",
pages="47--51",
abstract="Applying boundary conditions to different problems using LBM requires attention because it is different from the application of a boundary condition as in the classical CFD method. However, this chapter may be revisited when one is applying LBM to specific problems in the following chapters.",
isbn="978-1-4471-7423-3",
doi="10.1007/978-1-4471-7423-3_4",
url="https://doi.org/10.1007/978-1-4471-7423-3_4"
}